@MISC{Interface96mpi-2:extensions,
    author = {Message Passing Interface},
    title = {MPI-2: Extensions to the Message-Passing Interface},
    year = {1996}
}
@MISC{Forum94mpi:a,
    author = {Message Passing Interface Forum},
    title = {MPI: A Message-Passing Interface Standard},
    year = {1994}
}

@InProceedings{linbox,
 author = "Dumas and Gautier and Giesbrecht and Giorgi and Hovinen and Kaltofen and Saunders and Turner and Villard",
 title = "Linbox: A Generic Library for Exact Linear Algebra",
 booktitle = "Mathematical Software: ICMS 2002 (Proceedings of the first International Congress of Mathematical Software)",
 editor = {Cohen, A. and Gao, X.-S. and Takayama, N.},
 comment = "a satelite conference to the International Congress of Mathematicians",
 place = "Beijing, China",
 date = "August 17--19",
 year =   "2002",
 publisher = "World Scientific",
 pages = "40--50",
 nsf = "yes",
}

@Misc{linbox:website,
  OPTauthor =    {},
  title =        {{LinBox}},
  howpublished = {online web site},
  OPTmonth =     {July},
  year =         {2010},
  eprint =       {http://linalg.org/},
}

@PhdThesis{murri,
  author =       {Riccardo Murri},
  title =        {Computational techniques in the Graph Homology of the Moduli Space of Curves},
  school =       {Scuola Normale Superiore, Pisa, Italy},
  year =         {2010},
}

@article{Tiskin99,
  author  = {Alexandre Tiskin}, 
  title   = {Bulk-synchronous parallel Gaussian elimination}, 
  journal = {Journal of Mathematical Sciences},
  volume  = {108},
  number  = {6},
  month   = {March},
  year    = {2002}, 
  pages   = {977--991}
}

@inproceedings{DBLP:conf/pact/Tiskin03,
  author    = {Alexandre Tiskin},
  title     = {Communication-Efficient Parallel Gaussian Elimination},
  booktitle = {PaCT},
  year      = {2003},
  pages     = {369-383},
  ee        = {http://springerlink.metapress.com/openurl.asp?genre=article{\&}issn=0302-9743{\&}volume=2763{\&}spage=369},
  crossref  = {DBLP:conf/pact/2003},
  bibsource = {DBLP, http://dblp.uni-trier.de}
}
@proceedings{DBLP:conf/pact/2003,
  editor    = {Victor E. Malyshkin},
  title     = {Parallel Computing Technologies, 7th International Conference,
               PaCT 2003, Novosibirsk, Russia, September 15-19, 2003, Proceedings},
  booktitle = {PaCT},
  publisher = {Springer},
  series    = {Lecture Notes in Computer Science},
  volume    = {2763},
  year      = {2003},
  isbn      = {3-540-40673-5},
  bibsource = {DBLP, http://dblp.uni-trier.de}
}

@INPROCEEDINGS{Dumas02computingthe,
    author = {Jean-Guillaume Dumas and Gilles Villard},
    title = {Computing the rank of large sparse matrices over finite fields},
    booktitle = {CASC’2002 Computer Algebra in Scientific Computing},
    year = {2002},
    pages = {22--27},
    publisher = {Springer-Verlag}
}

@article{superlu99, 
    author  = {James W. Demmel and Stanley C. Eisenstat and 
               John R. Gilbert and Xiaoye S. Li and Joseph W. H. Liu},
    title   = {A supernodal approach to sparse partial pivoting},
    journal = {SIAM J. Matrix Analysis and Applications}, 
    year    = {1999}, 
    volume  = {20},
    number  = {3},
    pages   = {720-755}
}


@article{superlu_smp99, 
    author  = {James W. Demmel and John R. Gilbert and Xiaoye S. Li},
    title   = {An Asynchronous Parallel Supernodal Algorithm for 
                 Sparse Gaussian Elimination},
    journal = {SIAM J. Matrix Analysis and Applications},
    volume  = {20},
    number  = {4},		  
    pages   = {915-952},
    year    = {1999} 
}


@article{lidemmel03,
     author = {Xiaoye S. Li and James W. Demmel},
     title = {{SuperLU_DIST}: A Scalable Distributed-Memory Sparse Direct
              Solver for Unsymmetric Linear Systems},
     journal = {ACM Trans. Mathematical Software},
     month = {June},
     volume = {29},
     number = {2},
     pages = {110-140},
     year = 2003
}


@article{grigoridemmelli07,                                                     
  Author = {Laura Grigori and James W. Demmel and Xiaoye S. Li},                
  Title = {Parallel Symbolic Factorization for Sparse {LU} with                 
      Static Pivoting},                                                         
  journal = {SIAM J. Scientific Computing},
  volume = 29,
  number = 3,
  pages = {1289-1314},
  year = 2007
}


@article{DBLP:journals/corr/abs-0912-2047,
  author    = {Mugurel Ionuţ Andreica},
  title     = {Efficient Gaussian Elimination on a 2D SIMD Array of Processors
               without Column Broadcasts},
  journal   = {CoRR},
  volume    = {abs/0912.2047},
  year      = {2009},
  ee        = {http://arxiv.org/abs/0912.2047},
  bibsource = {DBLP, http://dblp.uni-trier.de}
}


@inproceedings{Brent91parallelalgorithms,
    author  = {Richard P. Brent},
    title   = {Parallel Algorithms in Linear Algebra},
    booktitle = {Algorithms and Architectures: Proceedings of the 
                 Second NEC Research Symposium, Tsukuba, Japan},
    pages   = {54--72},
    publisher = {SIAM, Philadelphia},
    year    =  {1991},
    note    =  {Also available as \href{http://arxiv.org/abs/1004.5437v1}{arXiv:1004.5437v1}},
}
@proceedings{DBLP:conf/pact/2003,
  editor    = {T. Ishiguro},
  title     = {Algorithms and Architectures: Proceedings of the 
               Second NEC Research Symposium, Tsukuba, Japan},
  publisher = {SIAM, Philadelphia},
  volume    = {},
  year      = {1991},
  month     = {August},
}

@article{journals/concurrency/DongarraLP03,
  author = {Jack Dongarra and Piotr Luszczek and Antoine Petitet},
  interhash = {b6464b671f95b577ea79a2fd787915ba},
  intrahash = {f0e2f912940905d1f08daf4cda1b2b4c},
  journal = {Concurrency and Computation: Practice and Experience},
  number = 9,
  pages = {803-820},
  title = {The LINPACK Benchmark: past, present and future.},
  url = {http://dblp.uni-trier.de/db/journals/concurrency/concurrency15.html#DongarraLP03},
  volume = 15,
  year = 2003,
  keywords = {dblp},
  ee = {http://dx.doi.org/10.1002/cpe.728},
  description = {dblp},
  biburl = {http://www.bibsonomy.org/bibtex/2f0e2f912940905d1f08daf4cda1b2b4c/dblp},
  date = {2004-03-26}
}

@ARTICLE{okunev+johnson:2005,
   author = {{Okunev}, P. and {Johnson}, C.~R.},
    title = "{Necessary And Sufficient Conditions For Existence of the LU Factorization of an Arbitrary Matrix}",
  journal = {ArXiv Mathematics e-prints},
   eprint = {arXiv:math/0506382},
 keywords = {Mathematics - Numerical Analysis, Mathematics - General Mathematics},
     year = 2005,
    month = jun,
   adsurl = {http://adsabs.harvard.edu/abs/2005math......6382O},
  adsnote = {Provided by the SAO/NASA Astrophysics Data System}
}


@Misc{simc,
  OPTkey =       {},
  author =       {Dumas, {J.-G.}},
  title =        {SIMC: Sparse Integer Matrices Collection},
  howpublished = {http://www-ljk.imag.fr/membres/Jean-Guillaume.Dumas/simc.html},
  OPTmonth =     {},
  year =         {2010},
  OPTnote =      {},
  OPTannote =    {}
}

