
@Article{abhau-boedigheimer-ehrenfried:0712.4254,
  author =       {Abhau, Jochen and BÃ¶digheimer, Carl-Friedrich and Ehrenfried, Ralf},
  title =        {Homology of the mapping class group {$\Gamma_{2,1}$} for surfaces of genus 2 with a boundary curve},
  journal =      {Geometry {\&} Topology Monographs},
  year =         2008,
  volume =       14,
  pages =        {1--25},
  eprint =       {http://arxiv.org/abs/0712.4254}
}

@Misc{hamilton-lazarev;math.QA/0608395,
  author =       {Hamilton, Alastair and Lazarev, Andrey},
  title =        {Characteristic classes of {$A_\infty$}-algebras},
  howpublished = {arXiv e-print},
  eprint = {math.QA/0608395},
  month =        {August},
  year =         {2006},
  OPTnote =      {},
  OPTannote =    {}
}

@Book{brown,
  author =       {Brown, Kenneth S.},
  title =        {{C}ohomology of {G}roups},
  publisher =    {Springer-Verlag},
  year =         {1982},
  number =       {87},
  series =       {Graduate Texts in Mathematics},
}

@Article{jenkins;annals,
  author =       {Jenkins, J. A.},
  title =        {On the existence of certain extremal metrics},
  journal =      {Annals of Mathematics},
  year =         {1957},
  volume =       {66},
  pages =        {440--453},
}

@article {conant-vogtmann;2003,
    AUTHOR = {Conant, James and Vogtmann, Karen},
     TITLE = {On a theorem of {K}ontsevich},
   JOURNAL = {Algebr. Geom. Topol.},
  FJOURNAL = {Algebraic \& Geometric Topology},
    VOLUME = {3},
      YEAR = {2003},
     PAGES = {1167--1224 (electronic)},
      ISSN = {1472-2747},
   MRCLASS = {18D50 (17B65 57M27)},
  MRNUMBER = {MR2026331 (2004m:18006)},
MRREVIEWER = {Riccardo Longoni},
}

@preamble{
   "\def\cprime{$'$} "
}
@incollection {kontsevich;1993,
    AUTHOR = {Kontsevich, Maxim},
     TITLE = {Formal (non)commutative symplectic geometry},
 BOOKTITLE = {The Gel\cprime fand Mathematical Seminars, 1990--1992},
     PAGES = {173--187},
 PUBLISHER = {Birkh\"auser Boston},
   ADDRESS = {Boston, MA},
      YEAR = {1993},
   MRCLASS = {58H15 (17B65 58F05)},
  MRNUMBER = {MR1247289 (94i:58212)},
MRREVIEWER = {Alexander A. Voronov},
}

 @book{QFS,
   editor    = {Deligne, Pierre and Etingof, Pavel and Freed, Daniel S. and
       Jeffrey, Lisa C. and Kazhdan, David and Morgan, John W. and
       Morrison, David R. and Witten, Edward},
   title     = {Quantum fields and strings: a course for mathematicians.
       {V}ol. 1, 2},
   year      = {1999},
   publisher = {American Mathematical Society},
   address   = {Providence, RI},
   note      = {Material from the Special Year on Quantum Field Theory held
       at the Institute for Advanced Study, Princeton, NJ, 1996--1997},
   pages     = {Vol. 1: xxii+723 pp.; Vol. 2: pp. i--xxiv and 727--1501},
   isbn      = {0-8218-1198-3},
   mrclass   = {81-06 (81T30 81Txx)},
   mrnumber  = {2000e:81010}
}

@article {arbarello-cornalba;combinatorial-classes,
    AUTHOR = {Arbarello, Enrico and Cornalba, Maurizio},
     TITLE = {Combinatorial and algebro-geometric cohomology classes on the
              moduli spaces of curves},
   JOURNAL = {J. Algebraic Geom.},
  FJOURNAL = {Journal of Algebraic Geometry},
    VOLUME = {5},
      YEAR = {1996},
    NUMBER = {4},
     PAGES = {705--749},
      ISSN = {1056-3911},
   MRCLASS = {14H10 (14C17)},
  MRNUMBER = {99c:14033},
MRREVIEWER = {Montserrat Teixidor i Bigas},
}

@article{arbarello-cornalba,
   author    = {Arbarello, Enrico and Cornalba, Maurizio},
   title     = {Calculating cohomology groups of moduli spaces of curves via
       algebraic geometry},
   journal   = {Inst. Hautes {\'E}tudes Sci. Publ. Math.},
   pages     = {97--127 (1999)},
   year      = {1998},
   number    = {88},
   fjournal  = {Institut des Hautes {\'E}tudes Scientifiques. Publications
       Math{\'e}matiques},
   issn      = {0073-8301},
   coden     = {PMIHA6},
   mrclass   = {14Hxx},
   mrnumber  = {1 733 327},
   eprint    = {math.AG/9803001}
}

@misc{baez-dolan;finite-sets,
   author    = {Baez, John. C and Dolan, James},
   title     = {{From Finite Sets to Feynman Diagrams}},
   eprint    = {math.QA/0004133}
}

@book{bakalov-kirillov,
   author    = {Bakalov, Bojko and Kirillov, Aleksandr A.},
   title     = {Lectures on {T}ensor {C}ategories and {M}odular {F}unctors},
   year      = {2001},
   publisher = {American Mathematical Society},
   address   = {Providence, RI},
   number    = {21},
   series    = {University Lecture Series}
}

@article{bessis-itzykson-zuber;graphical-enumeration,
   author    = {Bessis, D. and Itzykson, C. and Zuber, J. B.},
   title     = {Quantum field theory techniques in graphical enumeration},
   journal   = {Adv. in Appl. Math.},
   pages     = {109--157},
   year      = {1980},
   volume    = {1},
   number    = {2},
   fjournal  = {Advances in Applied Mathematics},
   issn      = {0196-8858},
   mrclass   = {81E99 (05C30)},
   mrnumber  = {83j:81067},
   mrreviewer = {Keiichi R. Ito}
}

@book {boardman-vogt;homotopy-invariance,
    AUTHOR = {Boardman, J. M. and Vogt, R. M.},
     TITLE = {Homotopy invariant algebraic structures on topological
spaces},
      NOTE = {Lecture Notes in Mathematics, Vol. 347},
 PUBLISHER = {Springer-Verlag},
   ADDRESS = {Berlin},
      YEAR = {1973},
     PAGES = {x+257},
   MRCLASS = {55D35},
  MRNUMBER = {54 \#8623a},
MRREVIEWER = {J. Stasheff},
}

@book{boardman-vogt;homotopy-invariance,
   author    = {Boardman, J. M. and Vogt, R. M.},
   title     = {Homotopy invariant algebraic structures on topological
       spaces},
   year      = {1973},
   publisher = {Springer-Verlag},
   address   = {Berlin},
   note      = {Lecture Notes in Mathematics, Vol. 347},
   pages     = {x+257},
   mrclass   = {55D35},
   mrnumber  = {54 \#8623a},
   mrreviewer = {J. Stasheff}
}

@book {bott-tu,
    AUTHOR = {Bott, Raoul and Tu, Loring W.},
     TITLE = {Differential forms in algebraic topology},
 PUBLISHER = {Springer-Verlag},
   ADDRESS = {New York},
      YEAR = {1982},
     PAGES = {xiv+331},
      ISBN = {0-387-90613-4},
   MRCLASS = {57R19 (55-02 58-01 58A12)},
  MRNUMBER = {83i:57016},
MRREVIEWER = {Hansklaus Rummler},
}

@article{broadhurst-kreimer;renormalization-automated,
   author    = {Broadhurst, D. J. and Kreimer, D.},
   title     = {{Renormalization automated by Hopf algebra}},
   journal   = {J. Symb. Comput.},
   pages     = {581},
   year      = 1999,
   volume    = 27,
   eprint    = {hep-th/9810087}
}

@book{cheng-oneill,
   author    = {Cheng, David C. and O'Neill, Gerard K.},
   title     = {Elementary particle physics : an introduction},
   year      = {1979},
   publisher = {{A}ddison-{W}esley},
   address   = {Reading, Mass.},
   series    = {{A}dvanced {B}ook {P}rogram},
   isbn      = {0-201-05463-9}
}

@misc{cochran-melvin;invariants-3-manifolds,
   author    = {Cochran, T. D. and Melvin, P.},
   title     = {{Finite type invariants of 3-manifolds}},
   eprint    = {math.GT/9805026}
}

@misc{conant-vogtmann,
    title = {{Infinitesimal Operations on Graphs and Graph Homology}},
    author = {Conant, J. and Vogtmann, K.},
    eprint = {arXiv:math.QA/0111198},
    year   = {2001},
}

@misc{conant;fusion-and-fission,
    title = {{Fusion and fission in graph complexes}},
    author = {Conant, J.},
    eprint = {arXiv:math.QA/0208093},
    year   = {2002},
}

@article{deligne-mumford,
   author    = {Deligne, P. and Mumford, D.},
   title     = {The irreducibility of the space of curves of given genus},
   journal   = {Inst. Hautes {\'E}tudes Sci. Publ. Math.},
   pages     = {75--109},
   year      = {1969},
   number    = {36},
   mrclass   = {14.20},
   mrnumber  = {41 \#6850},
   mrreviewer = {Manfred Herrmann}
}

@article{di-francesco-itzykson-zuber;kontsevich-model,
   author    = {Di Francesco, P. and Itzykson, C. and Zuber, J.-B.},
   title     = {Polynomial averages in the {K}ontsevich model},
   journal   = {Comm. Math. Phys.},
   pages     = {193--219},
   year      = {1993},
   volume    = {151},
   number    = {1},
   fjournal  = {Communications in Mathematical Physics},
   issn      = {0010-3616},
   coden     = {CMPHAY},
   mrclass   = {81T40 (05E05 58C35 81T30)},
   mrnumber  = {94e:81274},
   eprint    = {hep-th/9206090}
}

@incollection {dijkgraaf;intersection-theory,
     AUTHOR = {Dijkgraaf, Robbert},
      TITLE = {Intersection theory, integrable hierarchies and topological
               field theory},
  BOOKTITLE = {New symmetry principles in quantum field theory (Carg{\`e}se,
               1991)},
      PAGES = {95--158},
  PUBLISHER = {Plenum},
    ADDRESS = {New York},
       YEAR = {1992},
    MRCLASS = {32G15 (32G81 58F07 81T40)},
   MRNUMBER = {94c:32010},
 MRREVIEWER = {Claude Itzykson},
}

@InCollection{eilenberg-kelly;closed-categories,
  author =       {Eilenberg, Samuel and Kelly, Gregory Maxwell},
  title =        {Closed Categories},
   booktitle = {Proc. Conf. Categorical Algebra (La Jolla, California, 1965)},
   pages     = {421--562},
   year      = {1966},
   publisher = {Springer},
   address   = {New York},
}

@article{freyd-yetter;btc,
   author    = {Freyd, Peter J. and Yetter, David N.},
   title     = {Braided compact closed categories with applications to
       low-dimensional topology},
   journal   = {Adv. Math.},
   pages     = {156--182},
   year      = {1989},
   volume    = {77},
   number    = {2},
   fjournal  = {Advances in Mathematics},
   issn      = {0001-8708},
   coden     = {ADMTA4},
   mrclass   = {57M25 (18D15)},
   mrnumber  = {91c:57019},
   mrreviewer = {V. G. Turaev}
}

@article{freyd-yetter;coherence,
   author    = {Freyd, Peter and Yetter, David N.},
   title     = {Coherence theorems via knot theory},
   journal   = {J. Pure Appl. Algebra},
   pages     = {49--76},
   year      = {1992},
   volume    = {78},
   number    = {1},
   fjournal  = {Journal of Pure and Applied Algebra},
   issn      = {0022-4049},
   coden     = {JPAAA2},
   mrclass   = {18D10 (57M25)},
   mrnumber  = {93d:18013},
   mrreviewer = {R. H. Street}
}

@article {fukaya-ono;arnold-conjecture;1999,
    AUTHOR = {Fukaya, Kenji and Ono, Kaoru},
     TITLE = {Arnold conjecture and {G}romov-{W}itten invariant},
   JOURNAL = {Topology},
  FJOURNAL = {Topology. An International Journal of Mathematics},
    VOLUME = {38},
      YEAR = {1999},
    NUMBER = {5},
     PAGES = {933--1048},
      ISSN = {0040-9383},
     CODEN = {TPLGAF},
   MRCLASS = {53D45 (37J10 37J45 53D40 57R17 57R58)},
  MRNUMBER = {2000j:53116},
MRREVIEWER = {David E. Hurtubise},
}

@article{getzler-kapranov,
   author    = {Getzler, E. and Kapranov, M. M.},
   title     = {Modular operads},
   journal   = {Compositio Math.},
   pages     = {65--126},
   year      = {1998},
   volume    = {110},
   number    = {1},
   fjournal  = {Compositio Mathematica},
   issn      = {0010-437X},
   coden     = {CMPMAF},
   mrclass   = {18C15 (08A02 14H10 57M50)},
   mrnumber  = {99f:18009},
   mrreviewer = {Alexandre I. Kabanov}
}

@article {ginzburg-kapranov;koszul-duality,
    AUTHOR = {Ginzburg, Victor and Kapranov, Mikhail},
     TITLE = {Koszul duality for operads},
   JOURNAL = {Duke Math. J.},
  FJOURNAL = {Duke Mathematical Journal},
    VOLUME = {76},
      YEAR = {1994},
    NUMBER = {1},
     PAGES = {203--272},
      ISSN = {0012-7094},
     CODEN = {DUMJAO},
   MRCLASS = {18D10 (14H10 16S99 18G50 55P47)},
  MRNUMBER = {96a:18004},
MRREVIEWER = {Igor K{\v{r}}{\'\i}{\v{z}}},
}

@Article{godin:homology,
  author =       {Godin, VÃ©ronique},
  title =        {The unstable integral homology of the mapping class groups of a surface with boundary},
  journal =      {Math. Ann.},
  year =         {2007},
  OPTkey =       {},
  volume =       {337},
  number =       {1},
  pages =        {15--60},
  OPTmonth =     {},
  OPTnote =      {},
  OPTannote =    {},
  eprint =       {http://arxiv.org/abs/math/0501304}
}

@misc{grothaus-streit-volovich;knots-diagrams-matrix-models,
   author    = {Martin Grothaus and Ludwig Streit and Igor V. Volovich},
   title     = {{Knots, Feynman Diagrams and Matrix Models}},
   howpublished = {BiBoS preprint Nr. 826/11/98, Bielefeld; CCM preprint Nr. 35/98, Madeira},
   eprint    = {math.QA/9908013}
}

@incollection{hain-looijenga,
   author    = {Hain, Richard and Looijenga, Eduard},
   title     = {Mapping class groups and moduli spaces of curves},
   booktitle = {Algebraic geometry---Santa Cruz 1995},
   pages     = {97--142},
   year      = {1997},
   publisher = {Amer. Math. Soc.},
   address   = {Providence, RI},
   mrclass   = {14H10 (14C30 14H15 32G15 32G20)},
   mrnumber  = {99a:14032},
   mrreviewer = {Takashi Ichikawa}
}

@article{harer-zagier;euler-characteristic,
   author    = {Harer, J. and Zagier, D.},
   title     = {The {E}uler characteristic of the moduli space of curves},
   journal   = {Invent. Math.},
   pages     = {457--485},
   year      = {1986},
   volume    = {85},
   number    = {3},
   fjournal  = {Inventiones Mathematicae},
   issn      = {0020-9910},
   coden     = {INVMBH},
   mrclass   = {32G15 (14H15 57R20)},
   mrnumber  = {87i:32031},
   mrreviewer = {William Abikoff}
}

@article {harer;cohomological-dimension,
    AUTHOR = {Harer, John L.},
     TITLE = {The virtual cohomological dimension of the mapping class group
              of an orientable surface},
   JOURNAL = {Invent. Math.},
  FJOURNAL = {Inventiones Mathematicae},
    VOLUME = {84},
      YEAR = {1986},
    NUMBER = {1},
     PAGES = {157--176},
      ISSN = {0020-9910},
     CODEN = {INVMBH},
   MRCLASS = {32G15 (20F38 57N05)},
  MRNUMBER = {87c:32030},
MRREVIEWER = {K. Vogtmann},
}

@incollection{harer;cohomology-of-moduli,
   author    = {Harer, John L.},
   title     = {The cohomology of the moduli space of curves},
   booktitle = {Theory of moduli (Montecatini Terme, 1985)},
   pages     = {138--221},
   year      = {1988},
   publisher = {Springer},
   address   = {Berlin},
   mrclass   = {32G15 (14H15 57M99 57N05)},
   mrnumber  = {90a:32026},
   mrreviewer = {N. V. Ivanov}
}

@incollection {harer;connection,
    AUTHOR = {Harer, John},
     TITLE = {The homology of the mapping class group and its connection to
              surface bundles over surfaces},
 BOOKTITLE = {Four-manifold theory (Durham, N.H., 1982)},
    SERIES = {Contemp. Math.},
    VOLUME = {35},
     PAGES = {311--314},
 PUBLISHER = {Amer. Math. Soc.},
   ADDRESS = {Providence, RI},
      YEAR = {1984},
   MRCLASS = {57N05 (57T99)},
  MRNUMBER = {86c:57010},
}

@article {harer;second-homology,
    AUTHOR = {Harer, John},
     TITLE = {The second homology group of the mapping class group of an
              orientable surface},
   JOURNAL = {Invent. Math.},
  FJOURNAL = {Inventiones Mathematicae},
    VOLUME = {72},
      YEAR = {1983},
    NUMBER = {2},
     PAGES = {221--239},
      ISSN = {0020-9910},
     CODEN = {INVMBH},
   MRCLASS = {57M99 (20F34 57M05)},
  MRNUMBER = {84g:57006},
MRREVIEWER = {W. D. Neumann},
}

@article {harer;stability,
    AUTHOR = {Harer, John L.},
     TITLE = {Stability of the homology of the mapping class groups of
              orientable surfaces},
   JOURNAL = {Ann. of Math. (2)},
  FJOURNAL = {Annals of Mathematics. Second Series},
    VOLUME = {121},
      YEAR = {1985},
    NUMBER = {2},
     PAGES = {215--249},
      ISSN = {0003-486X},
     CODEN = {ANMAAH},
   MRCLASS = {57M99 (20F34)},
  MRNUMBER = {87f:57009},
MRREVIEWER = {K. Vogtmann},
}

@incollection {hinich-schechtman;homotopy-lie-algebras,
    AUTHOR = {Hinich, Vladimir and Schechtman, Vadim},
     TITLE = {Homotopy {L}ie algebras},
 BOOKTITLE = {I. M. Gel\cprime fand Seminar},
     PAGES = {1--28},
 PUBLISHER = {Amer. Math. Soc.},
   ADDRESS = {Providence, RI},
      YEAR = {1993},
   MRCLASS = {18G99 (17B55 18D35 18G30 55U35 55U99)},
  MRNUMBER = {95c:18009},
MRREVIEWER = {J. P. May},
}

@incollection {hinich-schechtman;homotopy-limit,
    AUTHOR = {Hinich, V. A. and Schechtman, V. V.},
     TITLE = {On homotopy limit of homotopy algebras},
 BOOKTITLE = {$K$-theory, arithmetic and geometry (Moscow, 1984--1986)},
     PAGES = {240--264},
 PUBLISHER = {Springer},
   ADDRESS = {Berlin},
      YEAR = {1987},
   MRCLASS = {55U35 (18D35 19D99)},
  MRNUMBER = {89d:55052},
MRREVIEWER = {V. P. Snaith},
}


@Article{hinich;deformation-homotopy-algebras,
  author =       {Hinich,  V. A.},
  title =        {Deformations of homotopy algebras},
  journal =      {{Communication in Algebra}},
  year =         {2004},
  OPTkey =       {},
  volume =       {32},
  OPTnumber =    {},
  pages =        {473--494},
  OPTmonth =     {},
  OPTnote =      {},
  annote =       {Available online at: \url{http://math.haifa.ac.il/hinich/WEB/mypapers/dha.pdf}},
}


@article {hinich;homological-algebra-homotopy-algebras,
    AUTHOR = {Hinich, Vladimir},
     TITLE = {Homological algebra of homotopy algebras},
   JOURNAL = {Comm. Algebra},
  FJOURNAL = {Communications in Algebra},
    VOLUME = {25},
      YEAR = {1997},
    NUMBER = {10},
     PAGES = {3291--3323},
      ISSN = {0092-7872},
     CODEN = {COALDM},
   MRCLASS = {18G99 (16E99 18G05 55U35)},
  MRNUMBER = {99b:18017},
MRREVIEWER = {Kathryn P. Hess},
}

@Article{khalkhali;homology-infty-algebras,
  author = 	 "Khalkhali, M.",
  title = 	 "{H}omology of {$L_\infty$}-algebras and {C}yclic {H}omology",
  OPTcrossref =  "",
  OPTkey = 	 "",
  journal =      "arXiv",
  OPTyear = 	 "",
  OPTvolume = 	 "",
  OPTnumber = 	 "",
  OPTpages = 	 "",
  OPTmonth = 	 "",
  eprint =	 "math.QA/9805052",
  OPTannote = 	 ""
}

@Article{igusa:combinatorial-miller-morita-mumford-classes-and-witten-cycles,
  author =       {Igusa, Kiyoshi},
  title =        {{Combinatorial Miller-Morita-Mumford classes and Witten cycles}},
  journal =      {Algebr. Geom. Topol.},
  year =         {2004},
  volume =       {4},
  OPTnumber =    {},
  pages =        {473--520},
}

@Article{igusa:graph-cohomology-and-kontsevich-cycles,
  author =       {Igusa, Kiyoshi},
  title =        {Graph cohomology and Kontsevich cycles},
  journal =      {Topology},
  year =         {2004},
  volume =       {43},
  OPTnumber =    {},
  pages =        {1469--1510},
}

@Article{igusa-kleber:increasing-trees-and-kontsevich-cycles,
  author =       {Igusa, Kiyoshi and Kleber, Michael},
  title =        {{Increasing trees and Kontsevich cycles}},
  journal =      {Geom. Topol.},
  year =         {2004},
  volume =       {8},
  OPTnumber =    {},
  pages =        {969--1012},
  note =         {electronic},
  OPTannote =    {}
}

@book{itzykson-zuber;quantum-field-theory,
   author    = {Itzykson, Claude and Zuber, Jean Bernard},
   title     = {Quantum field theory},
   year      = {1980},
   publisher = {McGraw-Hill International Book Co.},
   address   = {New York},
   note      = {International Series in Pure and Applied Physics},
   pages     = {xxii+705},
   isbn      = {0-07-032071-3},
   mrclass   = {81-02 (81C30 81Exx 81Gxx 81L05)},
   mrnumber  = {82h:81002},
   mrreviewer = {V. E. Korepin}
}

@article{joyal-street-verity,
   author    = {Joyal, Andr{\'e} and Street, Ross and Verity, Dominic},
   title     = {Traced monoidal categories},
   journal   = {Math. Proc. Cambridge Philos. Soc.},
   pages     = {447--468},
   year      = {1996},
   volume    = {119},
   number    = {3},
   fjournal  = {Mathematical Proceedings of the Cambridge Philosophical
       Society},
   issn      = {0305-0041},
   coden     = {MPCPCO},
   mrclass   = {18D10 (03B70 19D23 57M25 68Q55)},
   mrnumber  = {96m:18014},
   mrreviewer = {R. Gylys}
}

@article{joyal-street;1991,
   author    = {Joyal, Andr{\'e} and Street, Ross},
   title     = {The geometry of tensor calculus. {I}},
   journal   = {Adv. Math.},
   pages     = {55--112},
   year      = {1991},
   volume    = {88},
   number    = {1},
   fjournal  = {Advances in Mathematics},
   issn      = {0001-8708},
   coden     = {ADMTA4},
   mrclass   = {18G99 (57M05)},
   mrnumber  = {92d:18011},
   mrreviewer = {Louis H. Kauffman}
}

@article{joyal-street;btc,
   author    = {Joyal, Andr{\'e} and Street, Ross},
   title     = {Braided tensor categories},
   journal   = {Adv. Math.},
   pages     = {20--78},
   year      = {1993},
   volume    = {102},
   number    = {1},
   fjournal  = {Advances in Mathematics},
   issn      = {0001-8708},
   coden     = {ADMTA4},
   mrclass   = {18D10 (19D23 20G05)},
   mrnumber  = {94m:18008},
   mrreviewer = {Daniel Conduch{\'e}}
}

@article{joyal-street;tensor-calculus,
   author    = {Joyal, Andr{\'e} and Street, Ross},
   title     = {The geometry of tensor calculus. {I}},
   journal   = {Adv. Math.},
   pages     = {55--112},
   year      = {1991},
   volume    = {88},
   number    = {1},
   fjournal  = {Advances in Mathematics},
   issn      = {0001-8708},
   coden     = {ADMTA4},
   mrclass   = {18G99 (57M05)},
   mrnumber  = {92d:18011},
   mrreviewer = {Louis H. Kauffman}
}

@preamble{
   "\def\cprime{$'$} "
}
@book {kassel;quantum-groups,
    AUTHOR = {Kassel, Christian},
     TITLE = {Quantum groups},
 PUBLISHER = {Springer-Verlag},
   ADDRESS = {New York},
      YEAR = {1995},
     PAGES = {xii+531},
      ISBN = {0-387-94370-6},
   MRCLASS = {17B37 (16W30 18D10 20F36 57M25 81R50)},
  MRNUMBER = {96e:17041},
MRREVIEWER = {Yu. N. Bespalov},
}

@book{kassel;quantum-groups,
   author    = {Kassel, Christian},
   title     = {Quantum groups},
   year      = {1995},
   publisher = {Springer-Verlag},
   address   = {New York},
   pages     = {xii+531},
   isbn      = {0-387-94370-6},
   mrclass   = {17B37 (16W30 18D10 20F36 57M25 81R50)},
   mrnumber  = {96e:17041},
   mrreviewer = {Yu. N. Bespalov}
}

@book {kelly;enriched-category,
    AUTHOR = {Kelly, Gregory Maxwell},
     TITLE = {Basic concepts of enriched category theory},
 PUBLISHER = {Cambridge University Press},
   ADDRESS = {Cambridge},
      YEAR = {1982},
     PAGES = {245},
      ISBN = {0-521-28702-2},
   MRCLASS = {18-02 (18D20)},
  MRNUMBER = {84e:18001},
MRREVIEWER = {F. E. J. Linton},
}

@book{kelly;enriched-category,
   author    = {Kelly, Gregory Maxwell},
   title     = {Basic concepts of enriched category theory},
   year      = {1982},
   publisher = {Cambridge University Press},
   address   = {Cambridge},
   pages     = {245},
   isbn      = {0-521-28702-2},
   mrclass   = {18-02 (18D20)},
   mrnumber  = {84e:18001},
   mrreviewer = {F. E. J. Linton}
}

@article{kontsevich-manin,
   author    = {Kontsevich, M. and Manin, Yu.},
   title     = {Gromov-{W}itten classes, quantum cohomology, and enumerative
       geometry},
   journal   = {Comm. Math. Phys.},
   pages     = {525--562},
   year      = {1994},
   volume    = {164},
   number    = {3},
   fjournal  = {Communications in Mathematical Physics},
   issn      = {0010-3616},
   coden     = {CMPHAY},
   mrclass   = {14N10 (53C15 58D10 58F05)},
   mrnumber  = {95i:14049},
   mrreviewer = {Dietmar A. Salamon},
   eprint    = {hep-th/9402147}
}

@incollection{kontsevich;feynman,
   author    = {Kontsevich, Maxim},
   title     = {Feynman diagrams and low-dimensional topology},
   booktitle = {First European Congress of Mathematics, Vol.\ II (Paris,
       1992)},
   pages     = {97--121},
   year      = {1994},
   publisher = {Birkh{\"a}user},
   address   = {Basel},
   mrclass   = {57R57 (14H15 32G15 57M25)},
   mrnumber  = {96h:57027},
   mrreviewer = {Anatoly Libgober}
}

@article{kontsevich;intersection-theory;1992,
   author    = {Kontsevich, Maxim},
   title     = {Intersection theory on the moduli space of curves and the
       matrix {A}iry function},
   journal   = {Comm. Math. Phys.},
   pages     = {1--23},
   year      = {1992},
   volume    = {147},
   number    = {1},
   fjournal  = {Communications in Mathematical Physics},
   issn      = {0010-3616},
   coden     = {CMPHAY},
   mrclass   = {32G15 (14H15 58F07 81T40)},
   mrnumber  = {93e:32027},
   mrreviewer = {Claude Itzykson}
}

@misc{kreimer;combinatorics-qft,
   author    = {Kreimer, Dirk},
   title     = {{Combinatorics of (perturbative) quantum field theory}},
   howpublished = {MZ-TH/00-42},
   eprint    = {hep-th/0010059}
}

@article{kreimer;feynman-diagrams,
   author    = {Kreimer, Dirk},
   title     = {{Feynman diagrams and polylogarithms: shuffles and pentagons}},
   journal   = {Nucl. Phys. Proc. Suppl.},
   pages     = {289--294},
   year      = 2000,
   volume    = 89,
   eprint    = {hep-th/0005279}
}

@article{kreimer;hopf-algebra-qft,
   author    = {Kreimer, Dirk},
   title     = {On the {H}opf algebra structure of perturbative quantum field
       theories},
   journal   = {Adv. Theor. Math. Phys.},
   pages     = {303--334},
   year      = {1998},
   volume    = {2},
   number    = {2},
   fjournal  = {Advances in Theoretical and Mathematical Physics},
   issn      = {1095-0761},
   mrclass   = {81T15 (16W30 81T18)},
   mrnumber  = {99e:81156},
   mrreviewer = {Raimar Wulkenhaar}
}

@article {kriz-may;operads,
    AUTHOR = {K{\v{r}}{\'\i}{\v{z}}, Igor and May, J. P.},
     TITLE = {Operads, algebras, modules and motives},
   JOURNAL = {Ast{\'e}risque},
  FJOURNAL = {Ast{\'e}risque},
    NUMBER = {233},
      YEAR = {1995},
     PAGES = {iv+145pp},
      ISSN = {0303-1179},
   MRCLASS = {18G99 (14F99 19E99 55U99)},
  MRNUMBER = {96j:18006},
MRREVIEWER = {J. P. C. Greenlees},
}

@book {krushkal;riemann-surfaces,
    AUTHOR = {Krushkal{\cprime}, Samuil L.},
     TITLE = {Quasiconformal mappings and {R}iemann surfaces},
      NOTE = {Edited by Irvin Kra [Irwin Kra],
              Translated from the Russian,
              A Halsted Press Book,
              Scripta Series in Mathematics,
              With a foreword by Lipman Bers},
 PUBLISHER = {V. H. Winston \&\ Sons},
   ADDRESS = {Washington, D.C.},
      YEAR = {1979},
     PAGES = {xii+319},
      ISBN = {0-470-26695-3},
   MRCLASS = {30C60 (32G15)},
  MRNUMBER = {80j:30025},
MRREVIEWER = {I. Kra},
}

@article {lada-markl;sh-lie-algebras,
    AUTHOR = {Lada, Tom and Markl, Martin},
     TITLE = {Strongly homotopy {L}ie algebras},
   JOURNAL = {Comm. Algebra},
  FJOURNAL = {Communications in Algebra},
    VOLUME = {23},
      YEAR = {1995},
    NUMBER = {6},
     PAGES = {2147--2161},
      ISSN = {0092-7872},
     CODEN = {COALDM},
   MRCLASS = {16S30 (17B35 18G99)},
  MRNUMBER = {96d:16039},
MRREVIEWER = {Stanis{\l}aw Betley},
}


@Book{lando-zvonkin,
  author =       {Lando, Sergei K. and Zvonkin, Alexander K.},
  title =        {Graphs on surfaces and their applications},
  publisher =    {Springer-Verlag},
  year =         {2008},
  OPTkey =       {},
  OPTvolume =    {},
  OPTnumber =    {},
  series =       {{E}ncyclopaedia of {M}athematical {S}ciences},
  OPTaddress =   {},
  OPTedition =   {},
  OPTmonth =     {},
  OPTnote =      {},
  annote =       {With an Appendix by Don B. Zagier}
}

@incollection{lawvere;1965,
   author    = {Lawvere, F. William},
   title     = {The category of categories as a foundation for mathematics},
   booktitle = {Proc. Conf. Categorical Algebra (La Jolla, California, 1965)},
   pages     = {1--20},
   year      = {1966},
   publisher = {Springer},
   address   = {New York},
   mrclass   = {02.00},
   mrnumber  = {34 \#7332},
   mrreviewer = {J. R. Isbell}
}

@incollection{looijenga;cellular-decomposition,
   author    = {Looijenga, Eduard},
   title     = {Cellular decompositions of compactified moduli spaces of
       pointed curves},
   booktitle = {The moduli space of curves (Texel Island, 1994)},
   pages     = {369--400},
   year      = {1995},
   publisher = {Birkh{\"a}user Boston},
   address   = {Boston, MA},
   mrclass   = {14H10},
   mrnumber  = {96m:14031},
   mrreviewer = {Gheorghe Ionesei},
   eprint    = {alg-geom/9412002}
}

@article {looijenga;intersection-theory,
     AUTHOR = {Looijenga, Eduard},            
      TITLE = {Intersection theory on {D}eligne-{M}umford compactifications
               (after {W}itten and {K}ontsevich)},
       NOTE = {S{\'e}minaire Bourbaki, Vol.\ 1992/93},   
    JOURNAL = {Ast{\'e}risque},                            
   FJOURNAL = {Ast{\'e}risque},
     NUMBER = {216},
       YEAR = {1993},
      PAGES = {Exp.\ No.\ 768, 4, 187--212},
       ISSN = {0303-1179},
    MRCLASS = {32G15 (14C17 14H15 17B66 58F07)},
   MRNUMBER = {95b:32033},              
 MRREVIEWER = {Claude Itzykson},
}

@book{maclane;cwn,
   author    = {Mac Lane, Saunders},
   title     = {Categories for the working mathematician},
   year      = {1998},
   publisher = {Springer-Verlag},
   address   = {New York},
   edition   = {Second},
   pages     = {xii+314},
   isbn      = {0-387-98403-8},
   mrclass   = {18-02},
   mrnumber  = {2001j:18001}
}

@article {markl;cyclic,
    AUTHOR = {Markl, Martin},
     TITLE = {Cyclic operads and homology of graph complexes},
      NOTE = {The 18th Winter School ``Geometry and Physics'' (Srn\'\i,
              1998)},
   JOURNAL = {Rend. Circ. Mat. Palermo (2) Suppl.},
  FJOURNAL = {Rendiconti del Circolo Matematico di Palermo. Serie II.
              Supplemento},
    NUMBER = {59},
      YEAR = {1999},
     PAGES = {161--170},
   MRCLASS = {18D50 (05C10 05C15 17B37 81R50)},
  MRNUMBER = {2000g:18009},
MRREVIEWER = {Kathryn P. Hess},
}

@inproceedings {markl;homotopy-algebras-via-resolution-of-operads,
    AUTHOR = {Markl, Martin},
     TITLE = {Homotopy algebras via resolutions of operads},
 BOOKTITLE = {The Proceedings of the 19th Winter School ``Geometry and
              Physics'' (Srn{\'\i}, 1999)},
   JOURNAL = {Rend. Circ. Mat. Palermo (2) Suppl.},
  FJOURNAL = {Rendiconti del Circolo Matematico di Palermo. Serie II.
              Supplemento},
    NUMBER = {63},
      YEAR = {2000},
     PAGES = {157--164},
   MRCLASS = {55P48 (18D50)},
  MRNUMBER = {2001e:55013},
}

@misc{markl;homotopy-algebras-are-homotopy-algebras,
    title = {{Homotopy Algebras are Homotopy Algebras}},
    author = {Markl, Martin},
    eprint = {arXiv:math.AT/9907138}}

@misc{markl;models,
    title = {{Models for Operads}},
    author = {Markl, Martin},
    eprint = {arXiv:hep-th/9411208}}

@misc{math.QA/9807097,
   author    = {Oeckl, Robert},
   title     = {{Classification of Differential Calculi on $U_q(b+)$, Classical
       Limits, and Duality}},
   howpublished = {J. Math. Phys. 40, 3588-3604, 1999},
   eprint    = {math.QA/9807097}
}

@article{math.QA/9811054,
   author    = {Majid, Shahn and Oeckl, Robert},
   title     = {{Twisting of quantum differentials and the Planck scale Hopf
       algebra}},
   journal   = {Commun. Math. Phys.},
   pages     = {617--655},
   year      = 1999,
   volume    = 205,
   eprint    = {math.QA/9811054}
}

@book {may;loop-spaces,
    AUTHOR = {May, J. P.},
     TITLE = {The geometry of iterated loop spaces},
      NOTE = {Lectures Notes in Mathematics, Vol. 271},
 PUBLISHER = {Springer-Verlag},
   ADDRESS = {Berlin},
      YEAR = {1972},
     PAGES = {viii+175},
   MRCLASS = {55D35},
  MRNUMBER = {54 \#8623b},
MRREVIEWER = {J. Stasheff},
}

@book{may;loop-spaces,
   author    = {May, J. P.},
   title     = {The geometry of iterated loop spaces},
   year      = {1972},
   publisher = {Springer-Verlag},
   address   = {Berlin},
   note      = {Lectures Notes in Mathematics, Vol. 271},
   pages     = {viii+175},
   mrclass   = {55D35},
   mrnumber  = {54 \#8623b},
   mrreviewer = {J. Stasheff}
}

@article {merkulov;strong-homotopy-algebras,
    AUTHOR = {Merkulov, S. A.},
     TITLE = {Strong homotopy algebras of a {K}{\"a}hler manifold},
   JOURNAL = {Internat. Math. Res. Notices},
  FJOURNAL = {International Mathematics Research Notices},
      YEAR = {1999},
    NUMBER = {3},
     PAGES = {153--164},
      ISSN = {1073-7928},
   MRCLASS = {32J27 (16E45 17A70 58A12 58A14)},
  MRNUMBER = {2000h:32026},
MRREVIEWER = {J. Terilla},
}

@InCollection{mondello:arXiv:0705.1792v1,
  author =       {Mondello, Gabriele},
  title =        {Riemann surfaces, ribbon graphs and combinatorial classes},
  booktitle =    {Handbook of {Teichm\"uller} theory},
  OPTcrossref =  {},
  OPTkey =       {},
  pages =        {151--216},
  publisher =    {European Mathematical Society},
  year =         {2009},
  editor =       {Athanase Papadopoulos},
  volume =       {2},
  eprint =       {http://arXiv.org/abs/0705.1792v1},
}

@Article{mondello:2004,
  author =       {Mondello, Gabriele},
  title =        {Combinatorial classes on {$\overline{\mathcal{M}}_{g,n}$} are tautological},
  journal =      {Int. Math. Res. Not.},
  year =         {2004},
  number =       {44},
  pages =        {2329--2390},
}

@article{mulase-penkava,
   author    = {Mulase, M. and Penkava, M.},
   title     = {Ribbon graphs, quadratic differentials on {R}iemann surfaces,
       and algebraic curves defined over {$\overline{\mathbb{Q}}$}},
   journal   = {Asian J. Math.},
   pages     = {875--919},
   year      = {1998},
   volume    = {2},
   number    = {4},
   annote    = {Mikio Sato: a great Japanese mathematician of the twentieth
       century},
   fjournal  = {The Asian Journal of Mathematics},
   issn      = {1093-6106},
   mrclass   = {14Gxx (30Fxx)},
   mrnumber  = {1 734 132},
   eprint    = {math-ph/9811024}
}

@misc{muller-schubert;euler-zagier-sums,
   author    = {Uwe Muller and Christian Schubert},
   title     = {{A Quantum Field Theoretical Representation of Euler-Zagier
       Sums}},
   howpublished = {LAPTH-728/99, MZ-TH/99-35},
   eprint    = {math.QA/9908067}
}

@incollection{mumford;enumerative-geometry,                           
     AUTHOR = {Mumford, David},                               
      TITLE = {Towards an enumerative geometry of the moduli space of curves},
  BOOKTITLE = {Arithmetic and geometry, Vol. II},        
      PAGES = {271--328},                                    
  PUBLISHER = {Birkh{\"a}user Boston},     
    ADDRESS = {Boston, MA},     
       YEAR = {1983},           
    MRCLASS = {14H10 (14C15)},
   MRNUMBER = {85j:14046},
 MRREVIEWER = {Werner Kleinert},
}

@article{murri-fiorenza;feynman,
   author    = {Fiorenza, D. and Murri, R.},
   title     = {Feynman diagrams via Graphical Calculus},
   journal   = {Journal of Knot Theory and its Ramifications},
   year      = {2002},
   eprint    = {math.QA/0106001}
}


@InCollection{murri;infty-alg,
  author =       {Murri, R.},
  title =        {Introduction to {A}-infinity and {L}-infinity algebras},
  booktitle =    {{Seminari di Geometria Algebrica}},
  OPTcrossref =  {},
  OPTkey =       {},
  OPTpages =     {},
  publisher =    {{Dipartimento di Matematica ``G. Castelnuovo'', 
                   Universit\`a di Roma ``La Sapienza''}},
  year =         {2001},
  editor =       {Manetti, M.},
  OPTvolume =    {},
  OPTnumber =    {},
  OPTseries =    {},
  OPTtype =      {},
  OPTchapter =   {},
  OPTaddress =   {},
  OPTedition =   {},
  OPTmonth =     {},
  OPTnote =      {},
  OPTannote =    {}
}

@article{oeckl;braided-qft,
   author    = {Oeckl, Robert},
   title     = {Braided quantum field theory},
   journal   = {Comm. Math. Phys.},
   pages     = {451--473},
   year      = {2001},
   volume    = {217},
   number    = {2},
   fjournal  = {Communications in Mathematical Physics},
   issn      = {0010-3616},
   coden     = {CMPHAY},
   mrclass   = {81Txx (58Bxx 81R50)},
   mrnumber  = {1 821 232},
   eprint    = {hep-th/9906225}
}                          

@article{oeckl;equivalence-qfts,
   author    = {Oeckl, Robert},
   title     = {Untwisting noncommutative ${\bf {R}}\sp d$ and the equivalence
       of quantum field theories},
   journal   = {Nuclear Phys. B},
   pages     = {559--574},
   year      = {2000},
   volume    = {581},
   number    = {1-2},
   fjournal  = {Nuclear Physics. B},
   issn      = {0550-3213},
   coden     = {NUPBBO},
   mrclass   = {81T75 (58B32 58B34 81R12 81R50)},
   mrnumber  = {1 770 845},
   eprint    = {hep-th/0003018}
}                               
                                
@misc{oeckl;spin-and-statistics,
   author    = {Oeckl, Robert},
   title     = {The Quantum Geometry of Spin and Statistics},
   howpublished = {to appear in J. Geom. Phys.},
   eprint    = {hep-th/0008072}
}

@misc{penkava;l-infinity,
    title = {{L-infinity algebras and their cohomology}},
    author = {Michael Penkava},
    eprint = {arXiv:q-alg/9512014},
    year   = {1995},
}

@misc{penkava-schwarz,
    title = {{$A_\infty$ Algebras and the Cohomology of Moduli Spaces}},
    author = {Michael Penkava and Albert Schwarz},
    eprint = {arXiv:hep-th/9408064},
    year   = {1994},
}

@misc{penkava;graph-complexes,
    title = {{Infinity Algebras and the Homology of Graph Complexes}},
    author = {Michael Penkava},
    eprint = {arXiv:q-alg/9601018},
    year   = {1996},
}

@Misc{arXiv:0902.1025,
  author =       {Penner, R. C. and Knudsen, Michael and Wiuf, Carsten and Andersen, Joergen Ellegaard},
  title =        {Fatgraph Models of Proteins},
  OPTjournal =      {},
  year =         {2009},
  OPTkey =       {},
  OPTvolume =    {},
  OPTnumber =    {},
  OPTpages =     {},
  OPTmonth =     {},
  OPTnote =      {},
  OPTannote =    {},
  howpublished = {arXiv e-print},
  eprint =       {arXiv:0902.1025},
}

@article {penner:math.GT/0210326,
    AUTHOR = {Penner, R. C.},
     TITLE = {Decorated {T}eichm\"uller theory of bordered surfaces},
   JOURNAL = {Comm. Anal. Geom.},
  FJOURNAL = {Communications in Analysis and Geometry},
    VOLUME = {12},
      YEAR = {2004},
    NUMBER = {4},
     PAGES = {793--820},
      ISSN = {1019-8385},
   MRCLASS = {32G15 (57M50)},
  MRNUMBER = {MR2104076 (2006a:32018)},
MRREVIEWER = {David Chataur},
  eprint =       {arXiv:math.GT/0210326},
}

@book{penrose-rindler,
   author    = {Penrose, Roger and Rindler, Wolfgang},
   title     = {Spinors and space-time. {V}ol.\ 1},
   year      = {1987},
   publisher = {Cambridge University Press},
   address   = {Cambridge},
   note      = {Two-spinor calculus and relativistic fields},
   pages     = {x+458},
   isbn      = {0-521-33707-0},
   mrclass   = {83Cxx (53A50 53C80 81D25 81D27 83-02 83C60)},
   mrnumber  = {88h:83009}
}

@incollection{penrose;negative-dimensional-tensors,
   author    = {Penrose, Roger},
   title     = {Applications of negative dimensional tensors},
   booktitle = {Combinatorial Mathematics and its Applications (Proc. Conf.,
       Oxford, 1969)},
   pages     = {221--244},
   year      = {1971},
   publisher = {Academic Press},
   address   = {London},
   mrclass   = {05.55 (15.00)},
   mrnumber  = {43 \#7372},
   mrreviewer = {R. C. Read}
}

@article{reshetikhin-turaev;ribbon-graphs,
   author    = {Reshetikhin, N. Yu. and Turaev, V. G.},
   title     = {Ribbon graphs and their invariants derived from quantum
       groups},
   journal   = {Comm. Math. Phys.},
   pages     = {1--26},
   year      = {1990},
   volume    = {127},
   number    = {1},
   fjournal  = {Communications in Mathematical Physics},
   issn      = {0010-3616},
   coden     = {CMPHAY},
   mrclass   = {57M25 (16W30 17B35)},
   mrnumber  = {91c:57016},
   mrreviewer = {Louis H. Kauffman}
}

@article{rozansky;jones-polynomial,
   author    = {Rozansky, L.},
   title     = {Reshetikhin's formula for the {J}ones polynomial of a link:
       {F}eynman diagrams and {M}ilnor's linking numbers},
   journal   = {J. Math. Phys.},
   pages     = {5219--5246},
   year      = {1994},
   volume    = {35},
   number    = {10},
   note      = {Topology and physics},
   fjournal  = {Journal of Mathematical Physics},
   issn      = {0022-2488},
   coden     = {JMAPAQ},
   mrclass   = {57M25 (57R57 58D27 81T18)},
   mrnumber  = {95i:57013},
   mrreviewer = {Zhenghan Wang}
}

@book{scadron;advanced-quantum-theory,
   author    = {Scadron, Michael D.},
   title     = {Advanced quantum theory and its applications through
       {F}eynman
       diagrams},
   year      = {1991},
   publisher = {Springer-Verlag},
   address   = {Berlin},
   edition   = {Second},
   pages     = {xviii+410},
   isbn      = {3-540-53681-7},
   mrclass   = {81-01 (81T18)},
   mrnumber  = {93b:81002},
   mrreviewer = {N. D. Sengupta}
}

@article{shum;tortile-categories,
   author    = {Shum, Mei Chee},
   title     = {Tortile tensor categories},
   journal   = {J. Pure Appl. Algebra},
   pages     = {57--110},
   year      = {1994},
   volume    = {93},
   number    = {1},
   fjournal  = {Journal of Pure and Applied Algebra},
   issn      = {0022-4049},
   coden     = {JPAAA2},
   mrclass   = {18D10 (18D15 57M25)},
   mrnumber  = {95a:18008},
   mrreviewer = {David N. Yetter}
}

@book {strebel;quadratic-differentials;1983,
    AUTHOR = {Strebel, Kurt},
     TITLE = {Quadratic differentials},
 PUBLISHER = {Springer-Verlag},
   ADDRESS = {Berlin},
      YEAR = {1984},
     PAGES = {xii+184},
      ISBN = {3-540-13035-7},
   MRCLASS = {30Fxx (14K20 30Cxx 32G15)},
  MRNUMBER = {86a:30072},
MRREVIEWER = {H. Renelt},
}

@book {turaev;invariants-of-knots,
    AUTHOR = {Turaev, V. G.},
     TITLE = {Quantum invariants of knots and 3-manifolds},
 PUBLISHER = {Walter de Gruyter \& Co.},
   ADDRESS = {Berlin},
      YEAR = {1994},
     PAGES = {x+588},
      ISBN = {3-11-013704-6},
   MRCLASS = {57M25 (16W30 17B37 57N10 81R50)},
  MRNUMBER = {95k:57014},
MRREVIEWER = {Louis H. Kauffman},
}

@book{turaev;invariants-of-knots,
   author    = {Turaev, V. G.},
   title     = {Quantum invariants of knots and 3-manifolds},
   year      = {1994},
   publisher = {Walter de Gruyter \& Co.},
   address   = {Berlin},
   pages     = {x+588},
   isbn      = {3-11-013704-6},
   mrclass   = {57M25 (16W30 17B37 57N10 81R50)},
   mrnumber  = {95k:57014},
   mrreviewer = {Louis H. Kauffman}
}

@article{turaev;yang-baxter,
   author    = {Turaev, V. G.},
   title     = {The {Y}ang-{B}axter equation and invariants of links},
   journal   = {Invent. Math.},
   pages     = {527--553},
   year      = {1988},
   volume    = {92},
   number    = {3},
   fjournal  = {Inventiones Mathematicae},
   issn      = {0020-9910},
   coden     = {INVMBH},
   mrclass   = {57M25 (20F36 82A68)},
   mrnumber  = {89e:57003},
   mrreviewer = {Toshitake Kohno}
}

@book{weinberg;qft1,
   author    = {Weinberg, Steven},
   title     = {The quantum theory of fields. {V}ol. {I}},
   year      = {1996},
   publisher = {Cambridge University Press},
   address   = {Cambridge},
   note      = {Foundations,
       Corrected reprint of the 1995 original},
   pages     = {xxvi+609},
   isbn      = {0-521-55001-7},
   mrclass   = {81Txx (81-01 81-02)},
   mrnumber  = {98a:81107a},
   mrreviewer = {R. Delbourgo}
}

@preamble{
   "\def\cprime{$'$} "
}
@incollection {witten;intersection-theory,
    AUTHOR = {Witten, Edward},
     TITLE = {Two-dimensional gravity and intersection theory on moduli
              space},
 BOOKTITLE = {Surveys in differential geometry (Cambridge, MA, 1990)},
     PAGES = {243--310},
 PUBLISHER = {Lehigh Univ.},
   ADDRESS = {Bethlehem, PA},
      YEAR = {1991},
   MRCLASS = {32G15 (14C17 14H15 32G81 58F07 81T40)},
  MRNUMBER = {93e:32028},
MRREVIEWER = {Steven Rosenberg},
}

@inproceedings{witten;kontsevich-model,
   author    = {Witten, Edward},
   title     = {On the {K}ontsevich model and other models of two-dimensional
       gravity},
   booktitle = {Proceedings of the XXth International Conference on
       Differential Geometric Methods in Theoretical Physics, Vol.\
       1, 2 (New York, 1991)},
   pages     = {176--216},
   year      = {1992},
   publisher = {World Sci. Publishing},
   address   = {River Edge, NJ},
   mrclass   = {32G15 (14H15 58F07 81T40)},
   mrnumber  = {94g:32029},
   mrreviewer = {Claude Itzykson}
}


@incollection{yetter;braided-deformations,
   author    = {Yetter, David N.},
   title     = {Framed tangles and a theorem of {D}eligne on braided
       deformations of {T}annakian categories},
   booktitle = {Deformation theory and quantum groups with applications to
       mathematical physics (Amherst, MA, 1990)},
   pages     = {325--349},
   year      = {1992},
   publisher = {Amer. Math. Soc.},
   address   = {Providence, RI},
   mrclass   = {18D10 (16W30 57M25)},
   mrnumber  = {93k:18013},
   mrreviewer = {R. H. Street}
}

@article {zhou;hodge-theory-infty-structures,
    AUTHOR = {Zhou, Jian},
     TITLE = {Hodge theory and ${A}\sb \infty$-structures on cohomology},
   JOURNAL = {Internat. Math. Res. Notices},
  FJOURNAL = {International Mathematics Research Notices},
      YEAR = {2000},
    NUMBER = {2},
     PAGES = {71--78},
      ISSN = {1073-7928},
   MRCLASS = {32J25 (14C30 18G60 32J27)},
  MRNUMBER = {2001e:32028},
MRREVIEWER = {Ingrid Bauer},
}

@misc{zinn-justin-zuber;counting-tangles,
   author    = {P. Zinn-Justin and J.-B. Zuber},
   title     = {{Matrix Integrals and the Counting of Tangles and Links}},
   howpublished = {RU-99-16, SPhT 99/037},
   eprint    = {math-ph/9904019}
}
