@Misc{python:docs,
  author =       {van Rossum, Guido, et al.},
  title =        {Python v2.6.2 documentation},
  howpublished = {online web site},
  month =        {July},
  year =         {2009},
  url =          {http://docs.python.org/2.6/},
}

@Misc{python:reference,
  author =       {van Rossum, Guido, et al.},
  title =        {{T}he {P}ython 2.6 {L}anguage {R}eference},
  howpublished = {},
  note =         {release 2.6},
  year =         {2009},
  month =        {July},
  OPTannote =    {},
  url =          {http://docs.python.org/2.6/reference/index.html}
}

